@ONLINE{dbranking,
author = {DB Ranking},
title = {DB Engines Ranking},
month = May,
year = {2014},
url = {http://db-engines.com/en/ranking}
},

@ONLINE{AdressingDataManagementCloud,
author = {Genoveva Vargas Solar},
title = {Addressing data management on the cloud: tackling the big data challenges},
month = May,
year = {2014},
url = {http://db-engines.com/en/ranking}
},

@ONLINE{itilv3glossary,
author = {Axelos},
title = {Best Management Practice portfolio: common glossary of terms and definitions},
month = oct,
year = {2012},
url = {http://www.axelos.com/gempdf/Axelos_Common_Glossary_2013.pdf}
},

@inproceedings{Petersen:2008:SMS:2227115.2227123,
 author = {Petersen, Kai and Feldt, Robert and Mujtaba, Shahid and Mattsson, Michael},
 title = {Systematic Mapping Studies in Software Engineering},
 booktitle = {Proceedings of the 12th International Conference on Evaluation and Assessment in Software Engineering},
 series = {EASE'08},
 year = {2008},
 location = {Italy},
 pages = {68--77},
 numpages = {10},
 url = {http://dl.acm.org/citation.cfm?id=2227115.2227123},
 acmid = {2227123},
 publisher = {British Computer Society},
 address = {Swinton, UK, UK},
 keywords = {evidence based software engineering, systematic mapping studies, systematic reviews}
},

@ONLINE{AViewOfCloudComputing,
author =       {CONNOLY, D. FOX, A. et al.},
title =        {A View of Cloud Computing},
editor =       {http://cacm.acm.org},
month =        {April},
year =         {2010},
url = {"http://delivery.acm.org/10.1145/1730000/1721672/p50-armbrust.pdf?ip=177.180.230.233&id=1721672&acc=OPEN&key=4D4702B0C3E38B35%2E4D4702B0C3E38B35%2E4D4702B0C3E38B35%2E6D218144511F3437&CFID=457535499&CFTOKEN=51039425&__acm__=1399901089_e3ecf9605e1195ecb57fb76ec45161bc"},
note =         {[Online; posted 01-April-2010]}
},


@inproceedings{Konstantinou:2012:TEN:2213836.2213943,
 author = {Konstantinou, Ioannis and Angelou, Evangelos and Tsoumakos, Dimitrios and Boumpouka, Christina and Koziris, Nectarios and Sioutas, Spyros},
 title = {TIRAMOLA: Elastic Nosql Provisioning Through a Cloud Management Platform},
 booktitle = {Proceedings of the 2012 ACM SIGMOD International Conference on Management of Data},
 series = {SIGMOD '12},
 year = {2012},
 isbn = {978-1-4503-1247-9},
 location = {Scottsdale, Arizona, USA},
 pages = {725--728},
 numpages = {4},
 url = {http://doi.acm.org/10.1145/2213836.2213943},
 doi = {10.1145/2213836.2213943},
 acmid = {2213943},
 publisher = {ACM},
 address = {New York, NY, USA},
 keywords = {automatic cluster resize, cloud monitoring, elasticity, markov decision process, nosql, open-source}
},

@inproceedings{Xiong:2012:DMR:2213598.2213614,
 author = {Xiong, Pengcheng},
 title = {Dynamic Management of Resources and Workloads for RDBMS in Cloud: A Control-theoretic Approach},
 booktitle = {Proceedings of the on SIGMOD/PODS 2012 PhD Symposium},
 series = {PhD '12},
 year = {2012},
 isbn = {978-1-4503-1326-1},
 location = {Scottsdale, Arizona, USA},
 pages = {63--68},
 numpages = {6},
 url = {http://doi.acm.org/10.1145/2213598.2213614},
 doi = {10.1145/2213598.2213614},
 acmid = {2213614},
 publisher = {ACM},
 address = {New York, NY, USA},
 keywords = {cloud computing, database-as-a-service, machine learning}
},

@inproceedings{Klems:2012:RQM:2477172.2477488,
 author = {Klems, Markus and Bermbach, David and Weinert, Rene},
 title = {A Runtime Quality Measurement Framework for Cloud Database Service Systems},
 booktitle = {Proceedings of the 2012 Eighth International Conference on the Quality of Information and Communications Technology},
 series = {QUATIC '12},
 year = {2012},
 isbn = {978-0-7695-4777-0},
 pages = {38--46},
 numpages = {9},
 url = {http://dx.doi.org/10.1109/QUATIC.2012.17},
 doi = {10.1109/QUATIC.2012.17},
 acmid = {2477488},
 publisher = {IEEE Computer Society},
 address = {Washington, DC, USA},
 keywords = {Cloud Databases, NoSQL, performance measurement},
}

@INPROCEEDINGS{6546068, 
author={Copil, G. and Moldovan, D. and Hong-Linh Truong and Dustdar, S.}, 
booktitle={Cluster, Cloud and Grid Computing (CCGrid), 2013 13th IEEE/ACM International Symposium on}, 
title={SYBL: An Extensible Language for Controlling Elasticity in Cloud Applications}, 
year={2013}, 
month={May}, 
pages={112-119}, 
keywords={application program interfaces;cloud computing;resource allocation;API;SYBL elasticity directives;application component code;cloud applications;cloud monitoring;elasticity control;extensible language;resource elasticity;resource management;runtime system;Availability;Cloud computing;Elasticity;Engines;Monitoring;Programming;Runtime;cloud computing;elasticity;elasticity specification}, 
doi={10.1109/CCGrid.2013.42},}

@INPROCEEDINGS{6253526, 
author={Sakr, S. and Liu, A.}, 
booktitle={Cloud Computing (CLOUD), 2012 IEEE 5th International Conference on}, 
title={SLA-Based and Consumer-centric Dynamic Provisioning for Cloud Databases}, 
year={2012}, 
month={June}, 
pages={360-367}, 
keywords={cloud computing;contracts;costing;database management systems;middleware;SLA management;SLA performance requirements;SLA-based dynamic provisioning;SLA-based provisioning;application-defined policies;cloud computing paradigm;cloud services;cloud-hosted database systems;consumer-centric dynamic provisioning;contract;cost management;end-to-end framework;hardware provisioning;hardware purchasing;middleware;service level agreements;software deployment;Availability;Cloud computing;Databases;Hardware;Monitoring;Servers;Cloud Databases;Elasticity;Service Level Agreements}, 
doi={10.1109/CLOUD.2012.11}, 
ISSN={2159-6182},}

@ARTICLE{6461875, 
author={Zhao, L. and Sakr, S. and Liu, A.}, 
journal={Services Computing, IEEE Transactions on}, 
title={A Framework for Consumer-Centric SLA Management of Cloud-Hosted Databases}, 
year={2013}, 
month={}, 
volume={PP}, 
number={99}, 
pages={1-1}, 
keywords={Database Management;Database design;Domain-specific architectures;General;Information Technology and Systems;Software Architectures;Software Engineering;Software/Software Engineering;modeling and management}, 
doi={10.1109/TSC.2013.5}, 
ISSN={1939-1374},}

@INPROCEEDINGS{6511780, 
author={Klems, M. and Bermbach, D. and Weinert, R.}, 
booktitle={Quality of Information and Communications Technology (QUATIC), 2012 Eighth International Conference on the}, 
title={A Runtime Quality Measurement Framework for Cloud Database Service Systems}, 
year={2012}, 
month={Sept}, 
pages={38-46}, 
keywords={cloud computing;public domain software;replicated databases;software engineering;Web applications;cloud computing infrastructure;cloud database service systems;conflict analysis;contradictory objectives;distributed replicated database software development;geo-located server on-demand provisioning;open source software;runtime performance;runtime quality measurement framework;scaling strategy analysis;system configuration change analysis;Cloud Databases;NoSQL;performance measurement}, 
doi={10.1109/QUATIC.2012.17},}

@inproceedings{Xiong:2011:APA:2038916.2038931,
 author = {Xiong, Pengcheng and Chi, Yun and Zhu, Shenghuo and Tatemura, Junichi and Pu, Calton and Hacig\"{u}m\"{u}\c{S}, Hakan},
 title = {ActiveSLA: A Profit-oriented Admission Control Framework for Database-as-a-service Providers},
 booktitle = {Proceedings of the 2Nd ACM Symposium on Cloud Computing},
 series = {SOCC '11},
 year = {2011},
 isbn = {978-1-4503-0976-9},
 location = {Cascais, Portugal},
 pages = {15:1--15:14},
 articleno = {15},
 numpages = {14},
 url = {http://doi.acm.org/10.1145/2038916.2038931},
 doi = {10.1145/2038916.2038931},
 acmid = {2038931},
 publisher = {ACM},
 address = {New York, NY, USA},
 keywords = {admission control, cloud computing, database-as-a-service, machine learning},
} 

@TECHREPORT{Armbrust09m.:above,
    author = {Michael Armbrust and O Fox and Rean Griffith and Anthony D. Joseph and Y Katz and Andy Konwinski and Gunho Lee and David Patterson and Ariel Rabkin and Ion Stoica and Matei Zaharia},
    title = {M.: Above the clouds: A Berkeley view of cloud computing},
    institution = {},
    year = {2009}
}

@INPROCEEDINGS{5496972, 
author={Shvachko, K. and Hairong Kuang and Radia, S. and Chansler, R.}, 
booktitle={Mass Storage Systems and Technologies (MSST), 2010 IEEE 26th Symposium on}, 
title={The Hadoop Distributed File System}, 
year={2010}, 
month={May}, 
pages={1-10}, 
keywords={Internet;distributed databases;network operating systems;Hadoop distributed file system;Yahoo!;data storage;data stream;enterprise data;Bandwidth;Clustering algorithms;Computer architecture;Concurrent computing;Distributed computing;Facebook;File servers;File systems;Protection;Protocols;HDFS;Hadoop;distributed file system}, 
doi={10.1109/MSST.2010.5496972},}

@article{Spector:2012:GHA:2209249.2209262,
 author = {Spector, Alfred and Norvig, Peter and Petrov, Slav},
 title = {Google's Hybrid Approach to Research},
 journal = {Commun. ACM},
 issue_date = {July 2012},
 volume = {55},
 number = {7},
 month = jul,
 year = {2012},
 issn = {0001-0782},
 pages = {34--37},
 numpages = {4},
 url = {http://doi.acm.org/10.1145/2209249.2209262},
 doi = {10.1145/2209249.2209262},
 acmid = {2209262},
 publisher = {ACM},
 address = {New York, NY, USA},
} 

@book{sadalage2012nosql,
  title={NoSQL distilled: a brief guide to the emerging world of polyglot persistence},
  author={Sadalage, Pramod J and Fowler, Martin},
  year={2012},
  publisher={Pearson Education}
}

