@ONLINE{dbranking,
author = {DB Ranking},
title = {DB Engines Ranking},
month = May,
year = {2014},
url = {http://db-engines.com/en/ranking}
},

@ONLINE{AdressingDataManagementCloud,
author = {Genoveva Vargas Solar},
title = {Addressing data management on the cloud: tackling the big data challenges},
month = May,
year = {2014},
url = {http://db-engines.com/en/ranking}
},

@ONLINE{itilv3glossary,
author = {Axelos},
title = {Best Management Practice portfolio: common glossary of terms and definitions},
month = oct,
year = {2012},
url = {http://www.axelos.com/gempdf/Axelos_Common_Glossary_2013.pdf}
},


@ONLINE{AViewOfCloudComputing,
author =       {CONNOLY, D. FOX, A. et al.},
title =        {A View of Cloud Computing},
editor =       {http://cacm.acm.org},
month =        {April},
year =         {2010},
url = {"http://delivery.acm.org/10.1145/1730000/1721672/p50-armbrust.pdf?ip=177.180.230.233&id=1721672&acc=OPEN&key=4D4702B0C3E38B35%2E4D4702B0C3E38B35%2E4D4702B0C3E38B35%2E6D218144511F3437&CFID=457535499&CFTOKEN=51039425&__acm__=1399901089_e3ecf9605e1195ecb57fb76ec45161bc"},
note =         {[Online; posted 01-April-2010]},
}