@ONLINE{dbranking,
author = {DB Ranking},
title = {DB Engines Ranking},
month = May,
year = {2014},
url = {http://db-engines.com/en/ranking}
},

@ONLINE{AdressingDataManagementCloud,
author = {Genoveva Vargas Solar},
title = {Addressing data management on the cloud: tackling the big data challenges},
month = May,
year = {2014},
url = {http://db-engines.com/en/ranking}
},

@ONLINE{itilv3glossary,
author = {Axelos},
title = {Best Management Practice portfolio: common glossary of terms and definitions},
month = oct,
year = {2012},
url = {http://www.axelos.com/gempdf/Axelos_Common_Glossary_2013.pdf}
},

@inproceedings{Petersen:2008:SMS:2227115.2227123,
 author = {Petersen, Kai and Feldt, Robert and Mujtaba, Shahid and Mattsson, Michael},
 title = {Systematic Mapping Studies in Software Engineering},
 booktitle = {Proceedings of the 12th International Conference on Evaluation and Assessment in Software Engineering},
 series = {EASE'08},
 year = {2008},
 location = {Italy},
 pages = {68--77},
 numpages = {10},
 url = {http://dl.acm.org/citation.cfm?id=2227115.2227123},
 acmid = {2227123},
 publisher = {British Computer Society},
 address = {Swinton, UK, UK},
 keywords = {evidence based software engineering, systematic mapping studies, systematic reviews}
},

@ONLINE{AViewOfCloudComputing,
author =       {CONNOLY, D. FOX, A. et al.},
title =        {A View of Cloud Computing},
editor =       {http://cacm.acm.org},
month =        {April},
year =         {2010},
url = {"http://delivery.acm.org/10.1145/1730000/1721672/p50-armbrust.pdf?ip=177.180.230.233&id=1721672&acc=OPEN&key=4D4702B0C3E38B35%2E4D4702B0C3E38B35%2E4D4702B0C3E38B35%2E6D218144511F3437&CFID=457535499&CFTOKEN=51039425&__acm__=1399901089_e3ecf9605e1195ecb57fb76ec45161bc"},
note =         {[Online; posted 01-April-2010]}
},


@inproceedings{Konstantinou:2012:TEN:2213836.2213943,
 author = {Konstantinou, Ioannis and Angelou, Evangelos and Tsoumakos, Dimitrios and Boumpouka, Christina and Koziris, Nectarios and Sioutas, Spyros},
 title = {TIRAMOLA: Elastic Nosql Provisioning Through a Cloud Management Platform},
 booktitle = {Proceedings of the 2012 ACM SIGMOD International Conference on Management of Data},
 series = {SIGMOD '12},
 year = {2012},
 isbn = {978-1-4503-1247-9},
 location = {Scottsdale, Arizona, USA},
 pages = {725--728},
 numpages = {4},
 url = {http://doi.acm.org/10.1145/2213836.2213943},
 doi = {10.1145/2213836.2213943},
 acmid = {2213943},
 publisher = {ACM},
 address = {New York, NY, USA},
 keywords = {automatic cluster resize, cloud monitoring, elasticity, markov decision process, nosql, open-source}
},

@inproceedings{Xiong:2012:DMR:2213598.2213614,
 author = {Xiong, Pengcheng},
 title = {Dynamic Management of Resources and Workloads for RDBMS in Cloud: A Control-theoretic Approach},
 booktitle = {Proceedings of the on SIGMOD/PODS 2012 PhD Symposium},
 series = {PhD '12},
 year = {2012},
 isbn = {978-1-4503-1326-1},
 location = {Scottsdale, Arizona, USA},
 pages = {63--68},
 numpages = {6},
 url = {http://doi.acm.org/10.1145/2213598.2213614},
 doi = {10.1145/2213598.2213614},
 acmid = {2213614},
 publisher = {ACM},
 address = {New York, NY, USA},
 keywords = {cloud computing, database-as-a-service, machine learning}
},

@inproceedings{Klems:2012:RQM:2477172.2477488,
 author = {Klems, Markus and Bermbach, David and Weinert, Rene},
 title = {A Runtime Quality Measurement Framework for Cloud Database Service Systems},
 booktitle = {Proceedings of the 2012 Eighth International Conference on the Quality of Information and Communications Technology},
 series = {QUATIC '12},
 year = {2012},
 isbn = {978-0-7695-4777-0},
 pages = {38--46},
 numpages = {9},
 url = {http://dx.doi.org/10.1109/QUATIC.2012.17},
 doi = {10.1109/QUATIC.2012.17},
 acmid = {2477488},
 publisher = {IEEE Computer Society},
 address = {Washington, DC, USA},
 keywords = {Cloud Databases, NoSQL, performance measurement},
}

@INPROCEEDINGS{6546068, 
author={Copil, G. and Moldovan, D. and Hong-Linh Truong and Dustdar, S.}, 
booktitle={Cluster, Cloud and Grid Computing (CCGrid), 2013 13th IEEE/ACM International Symposium on}, 
title={SYBL: An Extensible Language for Controlling Elasticity in Cloud Applications}, 
year={2013}, 
month={May}, 
pages={112-119}, 
keywords={application program interfaces;cloud computing;resource allocation;API;SYBL elasticity directives;application component code;cloud applications;cloud monitoring;elasticity control;extensible language;resource elasticity;resource management;runtime system;Availability;Cloud computing;Elasticity;Engines;Monitoring;Programming;Runtime;cloud computing;elasticity;elasticity specification}, 
doi={10.1109/CCGrid.2013.42},}


